<?xml version="1.0" encoding="UTF-8"?><record xmlns="http://www.loc.gov/MARC21/slim" xmlns:cinclude="http://apache.org/cocoon/include/1.0" xmlns:zs="http://www.loc.gov/zing/srw/">
  <leader>01767cz  a2200337n  4500</leader>
  <controlfield tag="001">n  89298811 </controlfield>
  <controlfield tag="003">DLC</controlfield>
  <controlfield tag="005">20130313093729.0</controlfield>
  <controlfield tag="008">940303n| azannaabn          |b aaa      </controlfield>
  <datafield tag="010" ind1=" " ind2=" ">
    <subfield code="a">n  89298811 </subfield>
  </datafield>
  <datafield tag="035" ind1=" " ind2=" ">
    <subfield code="a">(OCoLC)oca03559012</subfield>
  </datafield>
  <datafield tag="040" ind1=" " ind2=" ">
    <subfield code="a">DLC</subfield>
    <subfield code="b">eng</subfield>
    <subfield code="e">rda</subfield>
    <subfield code="c">DLC</subfield>
    <subfield code="d">OCoLC</subfield>
    <subfield code="d">DLC-ON</subfield>
    <subfield code="d">OCoLC</subfield>
    <subfield code="d">DLC</subfield>
  </datafield>
  <datafield tag="046" ind1=" " ind2=" ">
    <subfield code="f">[1495,1496]</subfield>
    <subfield code="g">[1581,1582]</subfield>
    <subfield code="2">edtf</subfield>
  </datafield>
  <datafield tag="100" ind1="0" ind2=" ">
    <subfield code="a">Shaikh Rizq Ullah Mushtaqui,</subfield>
    <subfield code="d">1495 or 1496-1581 or 1582</subfield>
  </datafield>
  <datafield tag="400" ind1="1" ind2=" ">
    <subfield code="a">Mushtaki, Shekh Rizkullah,</subfield>
    <subfield code="d">1495 or 1496-1581 or 1582</subfield>
  </datafield>
  <datafield tag="400" ind1="1" ind2=" ">
    <subfield code="a">Mushtāqī, Shaik̲h̲ Rizqullāh,</subfield>
    <subfield code="d">1495 or 1496-1581 or 1582</subfield>
  </datafield>
  <datafield tag="400" ind1="1" ind2=" ">
    <subfield code="a">Mushtaqui, Shaikh Rizq Ullah,</subfield>
    <subfield code="d">1495 or 1496-1581 or 1582</subfield>
  </datafield>
  <datafield tag="400" ind1="1" ind2=" ">
    <subfield code="a">Muśtāqī, Śekha Rizakullāha,</subfield>
    <subfield code="d">1495 or 1496-1581 or 1582</subfield>
  </datafield>
  <datafield tag="400" ind1="1" ind2=" ">
    <subfield code="a">Rizakullāha Muśtāqī, Śekha,</subfield>
    <subfield code="d">1495 or 1496-1581 or 1582</subfield>
  </datafield>
  <datafield tag="400" ind1="1" ind2=" ">
    <subfield code="a">Rizkullah Mushtaki, Shekh,</subfield>
    <subfield code="d">1495 or 1496-1581 or 1582</subfield>
  </datafield>
  <datafield tag="400" ind1="1" ind2=" ">
    <subfield code="a">Rizq Ullah Mushtaqui, Shaikh,</subfield>
    <subfield code="d">1495 or 1496-1581 or 1582</subfield>
  </datafield>
  <datafield tag="400" ind1="1" ind2=" ">
    <subfield code="a">Rizqullāh Mushtāqī, Shaik̲h̲,</subfield>
    <subfield code="d">1495 or 1496-1581 or 1582</subfield>
  </datafield>
  <datafield tag="400" ind1="0" ind2=" ">
    <subfield code="a">Śekha Rizakullāha Muśtāqī,</subfield>
    <subfield code="d">1495 or 1496-1581 or 1582</subfield>
  </datafield>
  <datafield tag="400" ind1="0" ind2=" ">
    <subfield code="w">nnea</subfield>
    <subfield code="a">Shaikh Rizq Ullah Mushtaqui,</subfield>
    <subfield code="d">1495 or 6-1581 or 2</subfield>
  </datafield>
  <datafield tag="400" ind1="0" ind2=" ">
    <subfield code="a">Shaik̲h̲ Rizqullāh Mushtāqī,</subfield>
    <subfield code="d">1495 or 1496-1581 or 1582</subfield>
  </datafield>
  <datafield tag="400" ind1="0" ind2=" ">
    <subfield code="a">Shekh Rizkullah Mushtaki,</subfield>
    <subfield code="d">1495 or 1496-1581 or 1582</subfield>
  </datafield>
  <datafield tag="400" ind1="0" ind2=" ">
    <subfield code="a">شيخ رزق الله مشتاقى</subfield>
  </datafield>
  <datafield tag="667" ind1=" " ind2=" ">
    <subfield code="a">Machine-derived non-Latin script reference project.</subfield>
  </datafield>
  <datafield tag="667" ind1=" " ind2=" ">
    <subfield code="a">Non-Latin script reference not evaluated.</subfield>
  </datafield>
  <datafield tag="670" ind1=" " ind2=" ">
    <subfield code="a">Waqiʻat-e-Mushtaqui of Shaikh Rizq Ullah Mushtaqui, c1993:</subfield>
    <subfield code="b">introd. (b. 1495-96; d. 1581-82) jkt. (Shaik̲h̲ Rizqullāh Mushtāqī)</subfield>
  </datafield>
  <datafield tag="670" ind1=" " ind2=" ">
    <subfield code="a">Vāqeāte Muśtāqī, 2002:</subfield>
    <subfield code="b">t.p. (Śekha Rizakullāha Muśtāqī) t.p. verso (Shekh Rizkullah Mushtaki)</subfield>
  </datafield>
</record>